<?xml version="1.0" encoding="UTF-8"?><collection xmlns="http://www.loc.gov/MARC21/slim"><record><leader>00577nam--2200193-u-4500</leader><controlfield tag="001">000054641</controlfield><controlfield tag="002">20161230</controlfield><controlfield tag="005">20161230201051</controlfield><controlfield tag="008">120417s1000------------r-----000-0-rus-d</controlfield><datafield ind1=" " ind2=" " tag="040"><subfield code="a">IFIN-HH</subfield></datafield><datafield ind1=" " ind2=" " tag="041"><subfield code="a">rus</subfield></datafield><datafield ind1=" " ind2=" " tag="080"><subfield code="a">539.141.1:530.145.7</subfield></datafield><datafield ind1="1" ind2=" " tag="100"><subfield code="a">Kumar, Kailash</subfield></datafield><datafield ind1="1" ind2="0" tag="245"><subfield code="a">Teoria vozmusenii i problema mnogih tel dlia atomnogo iadra</subfield><subfield code="c">Kailash kumar</subfield></datafield><datafield ind1=" " ind2=" " tag="260"><subfield code="a">Moskva</subfield><subfield code="b">Mir</subfield><subfield code="c">1964</subfield></datafield><datafield ind1=" " ind2=" " tag="300"><subfield code="a">294P</subfield></datafield><datafield ind1=" " ind2=" " tag="500"><subfield code="a">Titlul Orifinal In Limba Engleza:Perturbation Theory And The Nuclear Many Body Problem</subfield></datafield><datafield ind1=" " ind2=" " tag="852"><subfield code="a">9888</subfield><subfield code="c">539.141</subfield></datafield><datafield ind1=" " ind2=" " tag="CAT"><subfield code="a">Sys</subfield><subfield code="c">20120417</subfield><subfield code="h">115632</subfield></datafield></record></collection>